@misc{website:example_venndiag,
	author	= {Uwe Ziegenhagen and Till Tantau},
	title	= {{Example: Set operations illustrated with Venn diagrams}},
	year	= {2010},
	howpublished = {\url{http://www.texample.net/tikz/examples/set-operations-illustrated-with-venn-diagrams/}}
}

@misc{website:example_statemachine,
	author	= {Till Tantau},
	title	= {{Example: State machine}},
	year	= {2006},
	howpublished = {\url{http://www.texample.net/tikz/examples/state-machine/}}
}

@misc{website:example_spiderwebdiagram,
	author	= {Dominik Renzel},
	title	= {{Example: Spiderweb diagram}},
	year	= {2009},
	howpublished = {\url{http://www.texample.net/tikz/examples/spiderweb-diagram/}}
}




