@manual{manual:sciposter,
	author	= {Michael Wilkinson},
	title	= {{Manual for Preparation of Posters of any size using sciposter.cls}},
	year	= {2006},
	howpublished = {\url{http://mirrors.ctan.org/macros/latex/contrib/sciposter/scipostermanual.pdf}}
}

@misc{manual:tiks_qtree,
	author	= {David Chiang},
	title	= {{tikz-qtree: better trees with TikZ}},
	year	= {2012},
	howpublished = {\url{http://www.isi.edu/~chiang/software/texmf/tikz-qtree-manual.pdf}}
}

@misc{wikibook:latex,
	title	= {LaTeX},
	year	= {2012},
	publisher = {{Wikibooks}},
	howpublished = {\url{http://en.wikibooks.org/wiki/LaTeX/}}
}

@misc{manual:tikz_pgf,
	author	= {Till Tantau},
	title	= {{The TikZ and PGF Packages}},
	year	= {2010},
	howpublished = {\url{http://mirror.ctan.org/graphics/pgf/base/doc/generic/pgf/pgfmanual.pdf}}
}

@misc{manual:pgfplots,
	author	= {Christian Feuers\"anger},
	title	= {{Manual for Package pgfplots}},
	year	= {2011},
	howpublished = {\url{http://mirror.ctan.org/graphics/pgf/contrib/pgfplots/doc/latex/pgfplots/pgfplots.pdf}}
}