@misc{website:sciposter,
	author	= {Michael Wilkinson},
	title	= {sciposter},
	year	= {2006},
	howpublished = {\url{http://www.ctan.org/tex-archive/macros/latex/contrib/sciposter/}}
}

@misc{website:pgf,
	author	= {Christian Feuers\"anger and Till Tantau},
	title	= {pgf},
	year	= {2006},
	howpublished = {\url{http://www.ctan.org/pkg/pgf}}
}

@misc{website:pgfplots,
	author	= {Christian Feuers\"nger},
	title	= {pgfplots},
	year	= {2011},
	howpublished = {\url{http://ctan.org/pkg/pgfplots}}
}